@ONLINE {github:plantilla_tfg_eii_uva_latex,
        author = "Escuela de Ingenería Informática",
        title  = "Trabajo de Fin de Grado: Guía del alumno",
        month  = "jul",
        year   = "2017",
        url    = "https://www.inf.uva.es/wp-content/uploads/2013/01/00-GuiaAlumnoTFG_2017.pdf"
}
